@techreport{RFC6962,
  author = {B. Laurie and A. Langley and E. Kasper},
  title = {Certificate Transparency},
  howpublished = {Internet Requests for Comments},
  type = {RFC},
  number = {6962},
  year = {2013},
  month = {June},
  issn = {2070-1721},
  publisher = {RFC Editor},
  institution = {RFC Editor},
}

@misc{Utreexo,
    author = {T. Dryja},
    title = {Utreexo: A dynamic hash-based accumulator optimized for the {Bitcoin} {UTXO} set},
    howpublished = {Cryptology ePrint Archive, Report 2019/611},
    year = {2019},
    note = {\url{https://eprint.iacr.org/2019/611}},
}

@misc{Sia,
    author = {D. Vorick and L. Champine},
    title = {Sia: Simple Decentralized Storage},
    howpublished = {GitHub},
    year = {2014},
    note = {\url{https://sia.tech/sia.pdf}},
}

@misc{CrosbyWallach,
    author = {S. Crosby and D. Wallach},
    title = {Efficient Data Structures for Tamper-Evident Logging},
    howpublished = {Proceedings of the 18th USENIX Security Symposium, Montreal},
    year = {2009},
}

@misc{BLAKE,
    author = {S. Neves and J. O'Connor and J.P. Aumasson and Z. Wilcox-O'Hearn},
    title = {{BLAKE3}: One function, fast everywhere},
    howpublished = {GitHub},
    year = {2020},
    note = {\url{https://blake3.io}},
}

@misc{Todd,
    author = {P. Todd},
    title = {{Merkle Mountain Ranges}},
    howpublished = {GitHub},
    year = {2012},
    note = {\url{https://opentimestamps.org}},
}

@misc{CMM,
Author = {L. Ramabaja and A. Avdullahu},
Title = {{Compact Merkle Multiproofs}},
Year = {2020},
howpublished = {arXiv:2002.07648},
}

@INPROCEEDINGS{Merkle,
  author={R. {Merkle}},
  booktitle={Proc. 1980 IEEE Symposium on Security and Privacy}, 
  title={{Protocols for Public Key Cryptosystems}}, 
  year={1980},
  pages={122-133},}
